<?xml version="1.0" encoding="UTF-8"?><collection xmlns="http://www.loc.gov/MARC21/slim"><record><leader>00569nam--2200181-i-4500</leader><controlfield tag="001">000002190</controlfield><controlfield tag="002">20161230</controlfield><controlfield tag="005">20161230201024</controlfield><controlfield tag="008">060222s1000------------r-----000-0-eng-d</controlfield><datafield ind1=" " ind2=" " tag="040"><subfield code="a">IFIN-HH</subfield></datafield><datafield ind1=" " ind2=" " tag="080"><subfield code="a">539.17(061.3)</subfield></datafield><datafield ind1="1" ind2=" " tag="100"><subfield code="a">Gadioli, E</subfield></datafield><datafield ind1="1" ind2="0" tag="245"><subfield code="a">5th international conference on nuclear reaction mechanisms varenna, june 13-18,1988</subfield><subfield code="c">E. gadioli (ed.)</subfield></datafield><datafield ind1=" " ind2=" " tag="260"><subfield code="a">Milano</subfield><subfield code="b">Universita Di Milano</subfield><subfield code="c">1988</subfield></datafield><datafield ind1=" " ind2=" " tag="300"><subfield code="a">747P</subfield></datafield><datafield ind1=" " ind2=" " tag="490"><subfield code="a">Ricerca Scientifica Ed. Educazione Permanente</subfield><subfield code="v">Supplemento N.66</subfield></datafield><datafield ind1=" " ind2=" " tag="852"><subfield code="a">74948</subfield><subfield code="c">539.17</subfield></datafield><datafield ind1=" " ind2=" " tag="CAT"><subfield code="a">Sys</subfield><subfield code="c">20120625</subfield><subfield code="h">171627</subfield></datafield></record></collection>